<?xml version="1.0" encoding="UTF-8"?><collection xmlns="http://www.loc.gov/MARC21/slim"><record><leader>00348nam--2200133-i-4500</leader><controlfield tag="001">000033457</controlfield><controlfield tag="002">20161230</controlfield><controlfield tag="005">20161230201039</controlfield><controlfield tag="008">060222s1000------------r-----000-0-eng-d</controlfield><datafield ind1=" " ind2=" " tag="100"><subfield code="a">Moon, P.B</subfield></datafield><datafield ind1=" " ind2=" " tag="245"><subfield code="a">Artificial radioactivity</subfield></datafield><datafield ind1=" " ind2=" " tag="260"><subfield code="a">Cambridge, At The Univ.Press, 1949, 5 F., 102p</subfield></datafield><datafield ind1=" " ind2=" " tag="490"><subfield code="a">Cambridge Monographs On Physics</subfield></datafield><datafield ind1=" " ind2=" " tag="852"><subfield code="a">1072</subfield></datafield></record></collection>